@BOOK{PicozziHepburnConnor2017, 
	author="{Picozzi, Stefano. and Hepburn, and Mike. O\'Connor, Noel}", 
	title="DevOps with Openshift", 
	year="2017", 
	publisher="O’Reilly Media, Inc.", 
	address="1005 Gravenstein Highway North, Sebastopol, CA 95472"}

@BOOK{Morris2017, 
	author="{Kief Morris}", 
	title="Infrastructure as Code: Managing Servers in the Cloud", 
	year="2016", 
	publisher="O’Reilly Media, Inc.", 
	address="1005 Gravenstein Highway North, Sebastopol, CA 95472",
	ISBN="978-1491975961"}

@BOOK{Newman2015, 
	author="{Sam Newman}", 
	title="Building Microservices: Designing Fine-Grained Systems", 
	year="2015", 
	publisher="O’Reilly Media, Inc.", 
	address="1005 Gravenstein Highway North, Sebastopol, CA 95472",
    ISBN="978-1491950357"}

@BOOK{HohpeWoolf2003, 
	author="{Hohpe, Gregor. and Woolf, Bobby.}", 
	title="Enterprise Integration Patterns", 
	year="2003", 
	publisher="Pearson Education, Inc.", 
	address="75 Arlington Street, Suite 300",
	ISBN="978-0321200686"}

@online{DockerDoc,
	author = {Docker Inc.},
	title = {Docker Documentation},
	year = 2017,
	url = {https://docs.docker.com/},
	urldate = {2010-09-30}
}

@online{MartinFowlerBlog,
	author = {Martin Fowler},
	title = {martinfowler.com},
	year = 2017,
	url = {https://martinfowler.com},
	urldate = {2010-09-30}
}

@online{OpenshiftDoc,
	author = {Red Hat Inc.},
	title = {OpenShift Container Platform 3.5 Documentation},
	year = 2017,
	url = {https://docs.openshift.com/container-platform/3.5/welcome/index.html},
	urldate = {2010-09-30}
}

@INPROCEEDINGS{Mangold2003, 
author={Mangold, S. and Hiertz, G.R. and Walke, B.}, 
booktitle={Proceedings on 14th {IEEE} Personal, Indoor and Mobile Radio Communications}, 
title={{IEEE} 802.11e wireless LAN - resource sharing with contention based medium access}, 
year={2003}, 
volume={3}, 
pages={2019-2026}}

@ARTICLE{Kong2004, 
author={Zhen-Ning Kong and Tsang, D. H K and Bensaou, B. and Deyun Gao}, 
journal={{IEEE} Journal on Selected Areas in Communications}, 
title={Performance analysis of {IEEE} 802.11e contention-based channel access}, 
year={2004}, 
volume={22}, 
number={10}, 
pages={2095-2106}}

@INPROCEEDINGS{Engelstad2005, 
author={Engelstad, P.E. and Osterbo, O.N.}, 
booktitle={The {IEEE} Conference on Local Computer Networks}, 
title={Delay and Throughput Analysis of {IEEE} 802.11e EDCA with Starvation Prediction}, 
year={2005}, 
pages={647-655}}

@ARTICLE{Banchs2005, 
author={Banchs, A. and Vollero, L.}, 
journal={Communications Letters, {IEEE}}, 
title={A delay model for {IEEE} 802.11e EDCA}, 
year={2005}, 
volume={9}, 
number={6}, 
pages={508-510}}

@article{ieee-802.11-2012, 
key = {ieee},
journal={{{IEEE}} Std 802.11-2012 (Revision of {{IEEE}} Std 802.11-2007)},
title={IEEE Standard for Information technology-Telecommunications and information exchange between systems Local and metropolitan area networks-Specific requirements Part 11: Wireless LAN Medium Access Control (MAC) and Physical Layer (PHY) Specifications},
year={2012}, 
month={Feb}, 
pages={1-2793}}
