@book{EIP,
	author={Hohpe, Gregor and Woolf, Bobby},
	title={{Enterprise Integration Patterns}},
	publisher={Pearson Education, Inc.},
	location={Boston, MA},
	edition={11},
	year={2008},
	hyphenation={english}
}

@book{Morris2016, 
	author="{Kief Morris}", 
	title="Infrastructure as Code: Managing Servers in the Cloud", 
	year="2016", 
	publisher="O’Reilly Media, Inc.", 
	address="1005 Gravenstein Highway North, Sebastopol, CA 95472",
	ISBN="978-1491975961"}

@report{iPaaSP12015,
	author = {Liu, Lawrence and Hays, Tony and Xu, Weixin and Dunnigan, Neal},
	title = {{Integration Platform as a Service: The next generation of ESB, Part 1}},
	institution = {IBM},
	year = {2015}
}

@report{iPaaSP22015,
	author = {Liu, Lawrence and Hays, Tony and Xu, Weixin and Dunnigan, Neal},
	title = {{Integration Platform as a Service: The next generation of ESB, Part 2}},
	institution = {IBM},
	year = {2015}
}

@report{PaaS2015,
	author = {Devi, T. and Ganesan, R.},
	title = {{Platform-as-a-Service (PaaS): Model and Security Issues}},
	institution = {School of Computing Science and Engineering, VIT University},
	year = {2015}
}

@report{DockerVirtScheepers2014,
	author = {Scheepers, Mathijs Jeroen},
	title = {{Virtualization and Containerization of Application Infrastructure: A Comparison}},
	institution = {University of Twente},
	year = {2014}
}

@report{IntelLXCHyperVisor2014,
	author = {Intel Corporation},
	title = {{Linux* Containers Streamline Virtualization and Complement Hypervisor-Based Virtual Machines}},
	institution = {Intel Corporation},
	year = {2014}
}

@article{MediationESB2005,
	author = {Herault, Colombe and Lalanda, Philippe and Adele, Equipe},
	title = {Mediation and Enterprise Service Bus A position paper},
	institution = {{Laboratoire Logiciels Syst`emes R ́eseaux, Equipe Adele}},
	year = {2005}
}

@online{Fuse2018,
	author={{Red Hat Inc.}},
	title={{Red Hat JBoss Fuse}},
	year={2018},
	url={https://developers.redhat.com/products/fuse/overview/},
	urldate={2018-02-22}
}

@online{Fuse72018,
	author={{Red Hat Inc.}},
	title={{Get Started with Red Hat JBoss Fuse 7 Tech Preview 3 Today!}},
	year={2018},
	url={https://developers.redhat.com/blog/2018/02/27/red-hat-jboss-fuse-7-tech-preview/},
	urldate={2018-04-12}
}

@online{Openshift2018,
	author={{Red Hat Inc.}},
	title={{Red Hat Openshift Container Platform}},
	year={2018},
	url={https://www.openshift.com/container-platform/features.html},
	urldate={2018-02-22}
}

@online{Wildfly2017,
	author={{Red Hat Inc.}},
	title={{What is Wildfly?}},
	year={2017},
	url={http://wildfly.org/about/},
	urldate={2018-02-23}
}

@online{Docker2018,
	author={{Docker Inc.}},
	title={{What is Docker}},
	year={2018},
	url={https://www.docker.com/what-docker},
	urldate={2018-02-23}
}

@online{DockerCompose2018,
	author={{Docker Inc.}},
	title={{Overview of Docker Compose}},
	year={2018},
	url={https://docs.docker.com/compose/overview/},
	urldate={2018-02-23}
}

@online{DockerFile2018,
	author={{Docker Inc.}},
	title={{Dockerfile Reference}},
	year={2018},
	url={https://docs.docker.com/engine/reference/builder/},
	urldate={2018-03-09}
}

@online{DockerRegistry2018,
	author={{Docker Inc.}},
	title={{Dockerfile Registry}},
	year={2018},
	url={https://hub.docker.com/},
	urldate={2018-03-09}
}

@online{DockerMachine2018,
	author={{Docker Inc.}},
	title={{Docker Machine Overview}},
	year={2018},
	url={https://docs.docker.com/machine/overview/},
	urldate={2018-03-17}
}

@online{DockerSwarm2018,
	author={{Docker Inc.}},
	title={{Swarm mode overview}},
	year={2018},
	url={https://docs.docker.com/engine/swarm/},
	urldate={2018-03-30}
}

@online{LXC2018,
	author={{Linux Containers}},
	title={{Linux Containers}},
	year={2018},
	url={https://linuxcontainers.org/},
	urldate={2018-03-29}
}

@online{LxConCosta2012,
	author={{Costa, Glauber}},
	title={{Resource Isolation: The Failure of Operating Systems and How We Can Fix It}},
	year={2012},
	url={https://linuxconeurope2012.sched.com/event/bf1a2818e908e3a534164b52d5b85bf1},
	urldate={2018-03-30}
}

@online{KernelCGroupsV12018,
	author={{Menage, Paul and Lameter,Christoph}},
	title={{CGROUPS}},
	year={2018},
	url={https://www.kernel.org/doc/Documentation/cgroup-v1/cgroups.txt},
	urldate={2018-03-30}
}

@online{KernelCGroupV22015,
	author={{Heo, Tejun}},
	title={{CGROUPS}},
	year={2015},
	url={https://www.kernel.org/doc/Documentation/cgroup-v2.txt},
	urldate={2018-03-30}
}

@online{LinuxNamespaces2018,
	author={{Linux Foundation}},
	title={{namespaces (7)}},
	year={2018},
	url={http://man7.org/linux/man-pages/man7/namespaces.7.html},
	urldate={2018-03-30}
}

@online{CNCFKubernetes2018,
	author={{Kubernetes}},
	title={{Production-Grade Container Orchestration}},
	year={2018},
	url={https://kubernetes.io/},
	urldate={2018-03-30}
}

@online{CNCFKubernetesAPI2018,
	author={{Kubernetes}},
	title={{API Overview}},
	year={2018},
	url={https://kubernetes.io/docs/reference/generated/kubernetes-api/v1.10/},
	urldate={2018-04-01}
}

@online{CNCFKubernetesComponents2018,
	author={{Kubernetes}},
	title={{Kubernetes Components}},
	year={2018},
	url={https://kubernetes.io/docs/concepts/overview/components/},
	urldate={2018-04-01}
}

@online{CNCFKubernetesServices2018,
	author={{Kubernetes}},
	title={{Services}},
	year={2018},
	url={https://kubernetes.io/docs/concepts/services-networking/service/},
	urldate={2018-04-01}
}

@online{CNCFKubernetesPods2018,
	author={{Kubernetes}},
	title={{Pods}},
	year={2018},
	url={https://kubernetes.io/docs/concepts/workloads/pods/pod/},
	urldate={2018-04-01}
}

@online{CNCFKubernetesGithub2018,
	author={{Kubernetes}},
	title={{Kubernetes}},
	year={2018},
	url={https://github.com/kubernetes/kubernetes},
	urldate={2018-04-01}
}

@online{CNCFOpentracing2018,
	author={{Cloud Native Computing Foundation}},
	title={{Vendor-neutral APIs and instrumentation for distributed tracing}},
	year={2018},
	url={http://opentracing.io/},
	urldate={2018-06-05}
}

@online{CNCF2018,
	author={{Cloud Native Computing Foundation}},
	title={{Sustaining and Integrating Open Source Technologies}},
	year={2018},
	url={https://www.cncf.io/},
	urldate={2018-03-31}
}

@online{MicrosoftAzureAKS2018,
	author={{Microsoft Azure}},
	title={{Azure Container Service (AKS)}},
	year={2018},
	url={https://docs.microsoft.com/en-us/azure/aks/},
	urldate={2018-03-31}
}

@online{MicrosoftAzueCloudServices2018,
	author={{Microsoft Azure}},
	title={{Azure Cloud Services}},
	year={2018},
	url={https://azure.microsoft.com/en-us/services/cloud-services/},
	urldate={2018-04-12}
}

@online{AmazonWebServicesEKS2018,
	author={{Amazon Web Services (AWS)}},
	title={{Amazon EKS}},
	year={2018},
	url={https://aws.amazon.com/eks/},
	urldate={2018-03-31}
}

@online{AmazonWebServicesEBT2018,
	author={{Amazon Web Services (AWS)}},
	title={{AWS Elastic Beans Talk}},
	year={2018},
	url={https://aws.amazon.com/elasticbeanstalk/},
	urldate={2018-04-12}
}

@online{GoogleCloudKE2018,
	author={{Google Cloud}},
	title={{Kubernetes Engine}},
	year={2018},
	url={https://cloud.google.com/kubernetes-engine/},
	urldate={2018-03-31}
}
@online{GoogleCloudAE2018,
	author={{Google Cloud}},
	title={{Google App Engine}},
	year={2018},
	url={https://cloud.google.com/appengine/},
	urldate={2018-04-12}
}

@online{CoreOSETCD2018,
	author={{CoreOS}},
	title={{etcd}},
	year={2018},
	url={https://coreos.com/etcd/docs/latest/},
	urldate={2018-04-01}
}

@online{CoreOSETCD2018,
	author={{CoreOS}},
	title={{etcd}},
	year={2018},
	url={https://coreos.com/etcd/docs/latest/},
	urldate={2018-04-01}
}

@online{OpenshiftDeepDive2014,
	author={{Openshift}},
	title={{OpenShift V3 Deep Dive Tutorial | The Next Generation of PaaS - Archived}},
	year={2014},
	url={https://blog.openshift.com/openshift-v3-deep-dive-docker-kubernetes/},
	urldate={2018-04-05}
}

@online{OpenshiftCoreConcepts2018,
	author={{Openshift}},
	title={{Overview}},
	year={2018},
	url={https://docs.openshift.com/container-platform/3.5/architecture/core_concepts/},
	urldate={2018-04-07}
}

@online{S2I2018,
	author={{Openshift}},
	title={{Source-To-Image (S2I)}},
	year={2018},
	url={https://github.com/openshift/source-to-image},
	urldate={2018-04-07}
}

@online{OpenshiftOnline2018,
	author={{Openshift}},
	title={{App Development with OpenShift Online}},
	year={2018},
	url={https://www.openshift.com/get-started/index.html},
	urldate={2018-04-12}
}

@online{OpenshiftOrigin2018,
	author={{Openshift}},
	title={{Openshift Origin}},
	year={2018},
	url={https://www.openshift.org/},
	urldate={2018-04-12}
}

@online{OpenshiftOriginGithub2018,
	author={{Openshift}},
	title={{OpenShift Application Platform}},
	year={2018},
	url={https://github.com/openshift/origin},
	urldate={2018-04-12}
}

@online{HAProxy2018,
	author={{HAProxy}},
	title={{OpenShift Application Platform}},
	year={2018},
	url={http://www.haproxy.org/},
	urldate={2018-04-14}
}

@online{EclipseEE4JCharter2017,
	author={{Eclipse Foundation}},
	title={{The Eclipse Enterprise for Java Project Top Level Project Charter}},
	year={2017},
	url={https://projects.eclipse.org/projects/ee4j/charter},
	urldate={2018-06-05}
}

@online{EclipseMicroprofileCharter2017,
	author={{Eclipse Foundation}},
	title={{Eclipse MicroProfile}},
	year={2018},
	url={https://microprofile.io/},
	urldate={2018-06-05}
}

@online{EclipseMicroprofileConfig2018,
	author={{Eclipse Foundation}},
	title={{Configuration for MicroProfile}},
	year={2018},
	url={https://github.com/eclipse/microprofile-config},
	urldate={2018-06-05}
}

@online{EclipseMicroprofileFault2018,
	author={{Eclipse Foundation}},
	title={{Fault Tolerance}},
	year={2018},
	url={https://github.com/eclipse/microprofile-fault-tolerance},
	urldate={2018-06-05}
}

@online{SmartBearSwagger2018,
	author={{SmartBear Software}},
	title={{Swagger}},
	year={2018},
	url={https://swagger.io/},
	urldate={2018-06-05}
}

@online{FowlerBlueGreenRelease2010,
	author={{Fowler, Martin}},
	title={{BlueGreenDeployment}},
	year={2010},
	url={https://martinfowler.com/bliki/BlueGreenDeployment.html},
	urldate={2018-06-07}
}

@online{FowlerCanaryRelease2010,
	author={{Sato, Danilo}},
	title={{CanaryRelease}},
	year={2014},
	url={https://martinfowler.com/bliki/CanaryRelease.html},
	urldate={2018-06-07}
}

@online{OAuth2018,
	author={{oauth.net}},
	title={{An open protocol to allow secure authorization in a simple and standard method from web, mobile and desktop applications}},
	year={2018},
	url={https://oauth.net/},
	urldate={2018-06-08}
}









@thesis{Artner2007,
	author={Artner, Nicole Maria},
	title={Analyse und Reimplementierung des Mean-Shift Tracking-Verfahrens},
	type={Diplomarbeit},
	year={2007},
	month={7},
	institution={University of Applied Sciences Upper Austria, Digitale Medien},
	location={Hagenberg, Austria},
	url={http://theses.fh-hagenberg.at/thesis/Artner07},
	hyphenation={german}
}

@manual{Bezos2016,
	author={Bezos, Javier and Braams, Johannes L.},
	title={Babel -- Multilingual support for Plain \TeX\ or \LaTeX},
	year={2016},
	month={4},
	version={3.9r},
	url={http://mirrors.ctan.org/macros/latex/required/babel/base/babel.pdf},
	hyphenation={english}
}

@incollection{BurgeBurger1999,
	author={Burge, Mark and Burger, Wilhelm},
	title={Ear Biometrics},
	booktitle={Biometrics: Personal Identification in Networked Society},
	publisher={Kluwer Academic Publishers},
	year={1999},
	location={Boston},
	editor={Jain, Anil K. and Bolle, Ruud and Pankanti, Sharath},
	chapter={13},
	pages={273-285},
	hyphenation={english}
}

@inproceedings{Burger1987,
	author={Burger, Wilhelm and Bhanu, Bir},
	title={Qualitative Motion Understanding},
	booktitle={Proceedings of the Intl.\ Joint Conference on Artificial Intelligence},
	year={1987},
	month={5},
	editor={McDermott, John P.},
	venue={Milano},
	publisher={Morgan Kaufmann Publishers},
	location={San Francisco},
	pages={819-821},
	hyphenation={english}
}

@book{BurgerBurge2016,
	author={Burger, Wilhelm and Burge, Mark James},
	title={Digital Image Processing},
	subtitle={An Algorithmic Introduction Using Java},
	publisher={Springer},
	location={London},
	edition={2},
	year={2016},
	hyphenation={english}
}

@image{CocaCola1940,
	author={Wolcott, Marion Post},
	title={Natchez, Miss.},
	note={Library of Congress Prints and Photographs Division Washington, Farm Security Administration/Office of War Information Color Photographs},
	year={1940},
	month={8},
	url={http://www.loc.gov/pictures/item/fsa1992000140/PP/}
}

@techreport{Drake1948,
	author={Drake, Huber M. and McLaughlin, Milton D. and Goodman, Harold R.},
	title={Results obtained during accelerated transonic tests of the {Bell}
		{XS-1} airplane in flights to a {MACH} number of 0.92},
	institution={NASA Dryden Flight Research Center},
	year={1948},
	month={1},
	location={Edwards, CA},
	number={NACA-RM-L8A05A},
	url={http://www.nasa.gov/centers/dryden/pdf/87528main_RM-L8A05A.pdf},
	hyphenation={english}
}


@misc{EuRichtlinie2000,
	author={{Europäische Union}},
	title={Richtline 2000/14/EG des Europäischen Parlaments und des Rates vom 8.\ Mai 2000 zur 
		Angleichung der Rechtsvorschriften der Mitgliedstaaten über umweltbelastende Geräuschemissionen 
		von zur Verwendung im Freien vorgesehenen Geräten und Maschinen},
	howpublished={Amtsblatt der Europäischen Gemeinschaften, L 162},
	url={http://eur-lex.europa.eu/LexUriServ/LexUriServ.do?uri=CONSLEG:2000L0014:20051227:de:PDF},
	hyphenation={german}
}

@video{Futurama1999,
	author={Groening, Matt},
	title={Futurama},
	titleaddon={Season 1 Collection},
	howpublished={DVD},
	year={2002},
	month={2},
	note={Twentieth Century Fox Home Entertainment},
	hyphenation={english}
}

@article{Guttman2001,
	author={Guttman, Erik},
	title={Autoconfiguration for {IP} Networking},
	journal={IEEE Internet Computing},
	volume={5},
	issue={5/6},
	year={2001},
	pages={81-86},
	hyphenation={english}
}

@software{LegendOfZelda1998,
	author={Miyamoto, Shigeru and Aonuma, Eiji and Koizumi, Yoshiaki},
	title={The Legend of Zelda: Ocarina of Time},
	howpublished={N64-Spielmodul},
	publisher={Nintendo},
	year={1998},
	hyphenation={english}
}

@movie{Nosferatu1922,
	title={Nosferatu -- A Symphony of Horrors},
	howpublished={Film},
	year={1922},
	note={Drehbuch/Regie: F.\ W.\ Murnau. Mit Max Schreck, Gustav von Wangenheim, Greta Schröder.},
	hyphenation={english}
}

@audio{Zappa1995,
	author={Zappa, Frank},
	title={Freak Out},
	howpublished={Audio-CD},
	year={1995},
	month={5},
	note={Rykodisc, New York},
	hyphenation={english}
}

@standard{W3C2017HTML52,
  author={{World Wide Web Consortium}},
  title={HTML 5.2},
  titleaddon={W3C Candidate Recommendation},
	date={2017-08-08},
  url={https://www.w3.org/TR/html52/},
	hyphenation={english}
}

